@article {dasgupta_2017, 
  title = {Code Quality: Examining the Efficacy of Automated Tools}, 
  journal = {AMCIS 2017 Proceedings}, 
  author = {Dasgupta, S. and Hooshangi, S.}, 
  year = {2017}
} 

@article {fountain_2019,
  title = {The postsecondary undergraduate population: Student income and demographics},
  author = {Fountain, Joselynn H},
  journal = {Congressional Research Service},
  url = {https://www.everycrsreport.com/files/20190412_R45686_37729cd7e470779ad91bb562803672bf12d0be8e.pdf},
  year={2019}
}

@article {mcmaster_2013,
  title = {Teaching programming style with ugly code},
  DOI = {10.1145/3051457.3051469},
  author = {McMaster, Kirby and Sambasivam, Samuel and Wolthuis, Stuart},
  journal = {Proceedings of the Information Systems Educators Conference ISSN},
  year={2013}
}

@article {moghadam_2015, 
    title = {AutoStyle: Toward Coding Style Feedback at Scale}, 
    DOI = {10.1145/2724660.2728672}, 
    journal = {Proceedings of the Second (2015) ACM Conference on Learning @ Scale}, 
    author = {Moghadam, Joseph Bahman and Choudhury, Rohan Roy and Yin, HeZheng and Fox, Armando}, 
    year = {2015}
} 
 
@article {perretta_2019, 
    title = {Human vs. automated coding style grading in computing education},
    DOI = {10.18260/1-2--32906}, 
    journal = {2019 ASEE Annual Conference &amp; Exposition  Proceedings},
    author = {Perretta, James and Weimer, Westley and DeOrio, Andrew},
    year = {2019}
} 

@article {walpole_2003, 
  title = {Socioeconomic Status and College:
How SES Affects College Experiences and Outcomes}, 
  journal = {The Review of Higher Education}, 
  author = {Walpole, M.}, 
  year = {2003}
} 

@article {wiese_2017, 
    title = {Teaching students to recognize and implement good coding style}, 
    DOI = {10.1145/3051457.3051469}, 
    journal = {Proceedings of the Fourth (2017) ACM Conference on Learning @ Scale}, 
    author = {Wiese, Eliane S. and Yen, Michael and Chen, Antares and Santos, Lucas A. and Fox, Armando}, 
    year = {2017}
} 

@article {wu_2017,
    title = {Can Likert Scales be Treated as Interval Scales?â€”A Simulation Study}, 
    DOI = {10.1080/01488376.2017.1329775},
    journal = {Journal of Social Service Research}, 
    author = {Huiping Wu and Shing-On Leung},
    year = {2017}
}

@misc {interview_tutorial, 
    title = {The UX Research Field Guide: Discovery Research Methods}, 
    url = {https://www.userinterviews.com/ux-research-field-guide-chapter/user-interviews}, 
    publisher = {User Interview Inc.}, 
    year = {2022}
} 

@misc {plerr,
    title = {plerr: pylint errors},
    url = {https://vald-phoenix.github.io/pylint-errors/},
    publisher = {MIT}
 }

@misc {prismjs,
    title = {Prism Syntax Highlighter},
    url = {https://prismjs.com/},
 }
 
@misc {pylint, 
    title = {Pylint}, 
    url = {https://pylint.pycqa.org}, 
    publisher = {PyCQA}, 
    year = {2022}
} 

@misc {react-simple-code-editor,
    title = {react-simple-code-editor},
    url = {https://www.npmjs.com/package/react-simple-code-editor},
    publisher = {MIT}
}
