@article {dasgupta_2017, 
  title = {Code Quality: Examining the Efficacy of Automated Tools}, 
  journal = {AMCIS 2017 Proceedings}, 
  author = {Dasgupta, S. and Hooshangi, S.}, 
  year = {2017}
} 

@article {mcmaster_2013,
  title = {Teaching programming style with ugly code},
  DOI = {10.1145/3051457.3051469},
  author = {McMaster, Kirby and Sambasivam, Samuel and Wolthuis, Stuart},
  journal = {Proceedings of the Information Systems Educators Conference ISSN},
  year={2013}
}

@article {moghadam_2015, 
    title = {AutoStyle: Toward Coding Style Feedback at Scale}, 
    DOI = {10.1145/2724660.2728672}, 
    journal = {Proceedings of the Second (2015) ACM Conference on Learning @ Scale}, 
    author = {Moghadam, Joseph Bahman and Choudhury, Rohan Roy and Yin, HeZheng and Fox, Armando}, 
    year = {2015}
} 
 
@article {perretta_2019, 
    title = {Human vs. automated coding style grading in computing education}, 
    DOI = {10.18260/1-2--32906}, 
    journal = {2019 ASEE Annual Conference &amp; Exposition  Proceedings},
    author = {Perretta, James and Weimer, Westley and DeOrio, Andrew},
    year = {2019}
} 

@article {ueda_2018, 
    title = {Impact of Coding Style Checker on Code Review - A Case Study on the OpenStack Projects}, 
    url = {https://www.researchgate.net/publication/331606194_Impact_of_Coding_Style_Checker_on_Code_Review_-_A_Case_Study_on_the_OpenStack_Projects}, 
    DOI = {10.1109/IWESEP.2018.00014}, 
    journal = {Conference: 2018 9th International Workshop on Empirical Software Engineering in Practice (IWESEP)}, 
    author = {Ueda, Yuki and Ihara, Akinori and Ishio, Takashi and Matsumoto, Kennichi}, 
    year = {2018}, 
    month = {Dec}
} 

@article {wiese_2017, 
    title = {Teaching students to recognize and implement good coding style}, 
    DOI = {10.1145/3051457.3051469}, 
    journal = {Proceedings of the Fourth (2017) ACM Conference on Learning @ Scale}, 
    author = {Wiese, Eliane S. and Yen, Michael and Chen, Antares and Santos, Lucas A. and Fox, Armando}, 
    year = {2017}
} 

 @misc {plerr,
    title = {plerr: pylint errors},
    url = {https://vald-phoenix.github.io/pylint-errors/},
    publisher = {MIT}
 }

 @misc {pylint_documentation_2022, 
    title = {Introduction}, 
    url = {https://pylint.pycqa.org/en/latest/intro.html}, 
    journal = {Introduction - Pylint 2.13.0-dev0 documentation}, 
    publisher = {PyCQA}, 
    year = {2022}
} 
